@Article{belfcaskr,
  title = {Introduction to Formal Concept Analysis},
  year = {2008},
  author = {Radim Bělohlávek},
  url = {http://phoenix.inf.upol.cz/esf/ucebni/formal.pdf}
}

@Article {fcairslajdy,
  title="Improving web search with FCA",
  author="Radim Bělohlávek, Jan Outrata", 
  url="http://phoenix.inf.upol.cz/~outrata/download/texts/FCAwebsearch-slides.pdf"
}

@Book{fcabook,
  title = {Formal Concept Analysis: Mathematical Foundations},
  publisher = {Springer},
  year = {1998},
  author = {Bernhard Ganter, Rudolf Wille},
  isbn = {3540627715}
}

@book{introir,
 author = {Manning, Christopher D. and Raghavan, Prabhakar and Schtze, Hinrich},
 title = {Introduction to Information Retrieval},
 year = {2008},
 isbn = {0521865719, 9780521865715},
 publisher = {Cambridge University Press},
 address = {New York, NY, USA},
}

@book{modernir,
 author = {Baeza-Yates, Ricardo A. and Ribeiro-Neto, Berthier},
 title = {Modern Information Retrieval},
 year = {1999},
 isbn = {020139829X},
 publisher = {Addison-Wesley Longman Publishing Co., Inc.},
 address = {Boston, MA, USA},
}

@misc{pydiff,
  title = {Module difflib :: Class SequenceMatcher},
  year = {2008},
  url = {http://epydoc.sourceforge.net/stdlib/difflib.SequenceMatcher-class.html},
  note = {[Online]},
}

@inproceedings{wille,
  added-at = {2006-09-21T13:18:26.000+0200},
  address = { Dordrecht--Boston },
  author = {Wille, Rudolf},
  biburl = {http://www.bibsonomy.org/bibtex/2223d42c44aa6cc3a1ff6134e308efd04/stumme},
  booktitle = { Ordered sets },
  description = {FCA publications until 1980},
  editor = {Rival, Ivan},
  interhash = {1e021e8bace9683c92416cd882eb4c4d},
  intrahash = {223d42c44aa6cc3a1ff6134e308efd04},
  keywords = {fba formal begriffsanalyse concept forschungsgruppe ag1 tu formale analysis lattices fca darmstadt},
  pages = { 445-470 },
  publisher = { Reidel },
  timestamp = {2006-09-21T13:18:26.000+0200},
  title = { Restructuring lattice theory: an approach
      based on hierarchies of concepts. },
  year = { 1982 }
}

@Article{fcaslajdy1,
  title = {Relational Data Analysis 1},
  year = {2008},
  author = {Radim Bělohlávek, Jan Outrata},
  url = {http://phoenix.inf.upol.cz/esf/ucebni/rda_fca_I.pdf}
}

@Article{fcaslajdy2,
  title = {Relational Data Analysis 2},
  year = {2008},
  author = {Radim Bělohlávek, Jan Outrata},
  url = {http://phoenix.inf.upol.cz/esf/ucebni/rda_fca_II.pdf}
}

@Article{fcaslajdy3,
  title = {Relational Data Analysis 3},
  year = {2008},
  author = {Radim Bělohlávek, Jan Outrata},
  url = {http://phoenix.inf.upol.cz/esf/ucebni/rda_fca_III.pdf}
}

@INPROCEEDINGS{searchsleuth,
  AUTHOR = "Jon Ducrou and Peter W. Eklund",
  TITLE = "SearchSleuth: The Conceptual Neighbourhood of an Web Query.",
  booktitle = "CLA'07",
  YEAR = {2007}, 
}

@inproceedings{fcasim,
  title = "Concept Similarity and Related Categories in Information Retrieval using Formal Concept Analysis",
  author = "Frithjof Dau, Jon Ducrou, Peter Eklund",
  year = "2011",
  booktitle = "International Journal of General Systems",
  publisher = "Taylor \& Francis Group",
}

@inproceedings{lindig,
    title = "Fast Concept Analysis",
    author = "Christian Lindig",
    year = "2000",
    month = "August",
    booktitle = "Working with Conceptual Structures - Contributions to ICCS 2000",
    editors = "Gerhard Stumme",
    location = "Aachen, Germany",
    pages = "152--161",
    publisher = "Shaker Verlag",
}

@Article{credo,
  author =     "Claudio Carpineto and Giovanni Romano",
  title =      "Exploiting the Potential of Concept Lattices for Information Retrieval with CREDO",
  journal =    "j-jucs",
  year =       "2004",
  pages =      "985--1013",
  date =       "2004-08-28",
  month =      "aug",
  url =       "http://www.jucs.org/jucs_10_8/exploiting_the_potential_of"
}

@article{fooca,
  abstract = {This paper presents a new approach to accessing information on the Web. FooCA, an application in the field of Conceptual Knowledge Processing, is introduced to support a holistic representation of today’s
standard sequential Web search engine retrieval results. FooCA uses the itemset consisting of the title, a short description, and the URL to build a context and the appropriate concepthierarchy. In order to generate a nicely arranged concept hierarchy using line diagrams to retrieve and analyze the data,the prior context can be iteratively explored and enhanced. The combination of Web Mining techniques and Formal Concept Analysis(FCA) with contextual attribute elicitation gives the user more insight and more options than a traditional search engineinterface. Besides serving as a tool for holistic data exploration, FooCA also enables the regular user to learn step by step how to run new, optimized search queries for his personal informationneed on the Web.},
  added-at = {2009-02-17T16:05:33.000+0100},
  author = {Koester, Bjoern},
  biburl = {http://www.bibsonomy.org/bibtex/25d52177cd5674a9f8f63e8c094124b92/dominikb1888},
  description = {SpringerLink - Book Chapter},
  interhash = {c913800b226d8d085dbce74a5062bc09},
  intrahash = {5d52177cd5674a9f8f63e8c094124b92},
  journal = {Advances in Data Mining},
  keywords = {diplomarbeit retrieval semanticweb},
  pages = {176--190},
  timestamp = {2009-02-17T16:05:33.000+0100},
  title = {Conceptual Knowledge Retrieval with FooCA: Improving Web Search Engine Results with Contexts and Concept Hierarchies},
  url = {http://dx.doi.org/10.1007/11790853_14},
  year = 2006
}

